<?xml version="1.0" encoding="UTF-8"?><record xmlns="http://www.loc.gov/MARC21/slim" xmlns:cinclude="http://apache.org/cocoon/include/1.0" xmlns:zs="http://www.loc.gov/zing/srw/">
  <leader>00571cz  a2200145n  4500</leader>
  <controlfield tag="001">n 2006210113</controlfield>
  <controlfield tag="003">DLC</controlfield>
  <controlfield tag="005">20120209074819.0</controlfield>
  <controlfield tag="008">060901n| acannaabn          |a aaa      </controlfield>
  <datafield tag="010" ind1=" " ind2=" ">
    <subfield code="a">n 2006210113</subfield>
  </datafield>
  <datafield tag="040" ind1=" " ind2=" ">
    <subfield code="a">DLC</subfield>
    <subfield code="b">eng</subfield>
    <subfield code="c">DLC</subfield>
    <subfield code="d">DLC</subfield>
  </datafield>
  <datafield tag="100" ind1="1" ind2=" ">
    <subfield code="a">Lau, Seng</subfield>
  </datafield>
  <datafield tag="400" ind1="1" ind2=" ">
    <subfield code="a">Seng, Lau</subfield>
  </datafield>
  <datafield tag="670" ind1=" " ind2=" ">
    <subfield code="a">Achieving environmental sustainability in the 21st century, 2005:</subfield>
    <subfield code="b">t.p. (Lau Seng) p. vii (Lau Seng, Ph.D.)</subfield>
  </datafield>
  <datafield tag="670" ind1=" " ind2=" ">
    <subfield code="a">Water in the environment, 2011:</subfield>
    <subfield code="b">t.p. (Lau Seng) cover p. 4 (Prof. Dr. Lau Seng; b. 1975 in Tg. Malim, Perak; Ph.D. in organometallic chemistry, Univ. of Hull, U.K.)</subfield>
  </datafield>
</record>